% This file was created with JabRef 2.7b.
% Encoding: UTF-8

@ARTICLE{Allen_2001,
  author = {Allen, J.T. and Smeed, D.A. and Tintoré, J. and Ruiz, S.},
  title = {{Mesoscale subduction at the Almeria–Oran front}},
  journal = {Journal of Marine Systems},
  year = {2001},
  volume = {30},
  pages = {263–285},
  number = {3-4},
  month = {Oct},
  doi = {10.1016/s0924-7963(01)00062-8},
  issn = {0924-7963},
  publisher = {Elsevier BV},
  url = {http://dx.doi.org/10.1016/S0924-7963(01)00062-8}
}

@ARTICLE{Allen_2005,
  author = {Allen, John T. and Brown, Louise and Sanders, Richard and Mark Moore,
	C. and Mustard, Alexander and Fielding, Sophie and Lucas, Mike and
	Rixen, Michel and Savidge, Graham and Henson, Stephanie and et al.},
  title = {{Diatom carbon export enhanced by silicate upwelling in the northeast
	Atlantic}},
  journal = {Nature},
  year = {2005},
  volume = {437},
  pages = {728–732},
  number = {7059},
  month = {Sep},
  doi = {10.1038/nature03948},
  issn = {1476-4679},
  owner = {ctroupin},
  publisher = {Springer Nature},
  timestamp = {2017.01.27},
  url = {http://dx.doi.org/10.1038/nature03948}
}

@ARTICLE{Bouffard_2012,
  author = {Bouffard, J. and Renault, L. and Ruiz, S. and Pascual, A. and Dufau,
	C. and Tintoré, J.},
  title = {{Sub-surface small-scale eddy dynamics from multi-sensor observations
	and modeling}},
  journal = {Progress in Oceanography},
  year = {2012},
  volume = {106},
  pages = {62–79},
  month = {Nov},
  doi = {10.1016/j.pocean.2012.06.007},
  issn = {0079-6611},
  publisher = {Elsevier BV},
  url = {http://dx.doi.org/10.1016/j.pocean.2012.06.007}
}

@ARTICLE{Capet_2008,
  author = {Capet, X. and McWilliams, J. C. and Molemaker, M. J. and Shchepetkin,
	A. F.},
  title = {{Mesoscale to Submesoscale Transition in the California Current System.
	Part II: Frontal Processes}},
  journal = {Journal of Physical Oceanography},
  year = {2008},
  volume = {38},
  pages = {44–64},
  number = {1},
  month = {Jan},
  doi = {10.1175/2007jpo3672.1},
  issn = {1520-0485},
  publisher = {American Meteorological Society},
  url = {http://dx.doi.org/10.1175/2007JPO3672.1}
}

@ARTICLE{Chelton_2011,
  author = {Chelton, Dudley B. and Schlax, Michael G. and Samelson, Roger M.},
  title = {Global observations of nonlinear mesoscale eddies},
  journal = {Progress in Oceanography},
  year = {2011},
  volume = {91},
  pages = {167–216},
  number = {2},
  month = {Oct},
  doi = {10.1016/j.pocean.2011.01.002},
  issn = {0079-6611},
  publisher = {Elsevier BV},
  url = {http://dx.doi.org/10.1016/j.pocean.2011.01.002}
}

@ARTICLE{Cotroneo_2016,
  author = {Cotroneo, Yuri and Aulicino, Giuseppe and Ruiz, Simón and Pascual,
	Ananda and Budillon, Giorgio and Fusco, Giannetta and Tintoré, Joaqun},
  title = {Glider and satellite high resolution monitoring of a mesoscale eddy
	in the algerian basin: Effects on the mixed layer depth and biochemistry},
  journal = {Journal of Marine Systems},
  year = {2016},
  volume = {162},
  pages = {73–88},
  month = {Oct},
  doi = {10.1016/j.jmarsys.2015.12.004},
  issn = {0924-7963},
  owner = {ctroupin},
  publisher = {Elsevier BV},
  timestamp = {2017.02.08},
  url = {http://dx.doi.org/10.1016/j.jmarsys.2015.12.004}
}

@ARTICLE{Dufau_2016,
  author = {Dufau, Claire and Orsztynowicz, Marion and Dibarboure, Gérald and
	Morrow, Rosemary and Le Traon, Pierre-Yves},
  title = {{Mesoscale resolution capability of altimetry: Present and future}},
  journal = {Journal of Geophysical Research: Oceans},
  year = {2016},
  volume = {121},
  pages = {4910–4927},
  number = {7},
  month = {Jul},
  doi = {10.1002/2015jc010904},
  issn = {2169-9275},
  publisher = {Wiley-Blackwell},
  url = {http://dx.doi.org/10.1002/2015JC010904}
}

@ARTICLE{Eriksen_1991,
  author = {Eriksen, Charles C. and Weller, Robert A. and Rudnick, Daniel L.
	and Pollard, R. T. and Regier, Lloyd A.},
  title = {{Ocean frontal variability in the Frontal Air-Sea Interaction Experiment}},
  journal = {Journal of Geophysical Research},
  year = {1991},
  volume = {96},
  pages = {8569},
  number = {C5},
  doi = {10.1029/90jc02531},
  issn = {0148-0227},
  publisher = {Wiley-Blackwell},
  url = {http://dx.doi.org/10.1029/90JC02531}
}

@ARTICLE{Escudier_2016,
  author = {Escudier, Romain and Mourre, Baptiste and Juza, Mélanie and Tintoré,
	Joaquín},
  title = {{Subsurface circulation and mesoscale variability in the Algerian
	subbasin from altimeter-derived eddy trajectories}},
  journal = {Journal of Geophysical Research: Oceans},
  year = {2016},
  volume = {121},
  pages = {6310–6322},
  number = {8},
  month = {Aug},
  doi = {10.1002/2016jc011760},
  issn = {2169-9275},
  publisher = {Wiley-Blackwell},
  url = {http://dx.doi.org/10.1002/2016JC011760}
}

@ARTICLE{Flexas_2006,
  author = {Flexas, M.M. and Gomis, D. and Ruiz, S. and Pascual, A. and León,
	P.},
  title = {{In situ and satellite observations of the eastward migration of
	the Western Alboran Sea Gyre}},
  journal = {Progress in Oceanography},
  year = {2006},
  volume = {70},
  pages = {486–509},
  number = {2-4},
  month = {Aug},
  doi = {10.1016/j.pocean.2006.03.017},
  issn = {0079-6611},
  publisher = {Elsevier BV},
  url = {http://dx.doi.org/10.1016/j.pocean.2006.03.017}
}

@ARTICLE{Fu_2008,
  author = {Fu, Lee-Lueng and Ferrari, Raffaele},
  title = {Observing Oceanic Submesoscale Processes From Space},
  journal = {Eos, Transactions American Geophysical Union},
  year = {2008},
  volume = {89},
  pages = {488–488},
  number = {48},
  month = {Nov},
  doi = {10.1029/2008eo480003},
  issn = {0096-3941},
  publisher = {Wiley-Blackwell},
  url = {http://dx.doi.org/10.1029/2008EO480003}
}

@ARTICLE{Gomis_2005,
  author = {Gomis, Damià and Pedder, Mike A.},
  title = {Errors in dynamical fields inferred from oceanographic cruise data},
  journal = {Journal of Marine Systems},
  year = {2005},
  volume = {56},
  pages = {317–333},
  number = {3-4},
  month = {Jun},
  doi = {10.1016/j.jmarsys.2005.02.002},
  issn = {0924-7963},
  owner = {ctroupin},
  publisher = {Elsevier BV},
  timestamp = {2017.01.27},
  url = {http://dx.doi.org/10.1016/j.jmarsys.2005.02.002}
}

@ARTICLE{Gomis_2001,
  author = {Gomis, D and Ruiz, S and Pedder, M.A},
  title = {{Diagnostic analysis of the 3D ageostrophic circulation from a multivariate
	spatial interpolation of CTD and ADCP data}},
  journal = {Deep Sea Research Part I: Oceanographic Research Papers},
  year = {2001},
  volume = {48},
  pages = {269–295},
  number = {1},
  month = {Jan},
  doi = {10.1016/s0967-0637(00)00060-1},
  issn = {0967-0637},
  publisher = {Elsevier BV},
  url = {http://dx.doi.org/10.1016/S0967-0637(00)00060-1}
}

@BOOK{Grasshoff1983,
  title = {Methods of Seawater Analysis},
  publisher = {{}},
  year = {1983},
  editor = {Klaus Grasshoff and Klaus Kremling and Manfred Ehrhardt (Eds)},
  author = {Klaus Grasshoff and Klaus Kremling and Manfred {Ehrhardt (Eds)}},
  month = {Jan},
  doi = {10.1002/9783527613984},
  isbn = {http://id.crossref.org/isbn/9783527295890},
  url = {http://dx.doi.org/10.1002/9783527613984}
}

@ARTICLE{Hemsley_2015,
  author = {Hemsley, Victoria S. and Smyth, Timothy J. and Martin, Adrian P.
	and Frajka-Williams, Eleanor and Thompson, Andrew F. and Damerell,
	Gillian and Painter, Stuart C.},
  title = {{Estimating Oceanic Primary Production Using Vertical Irradiance
	and Chlorophyll Profiles from Ocean Gliders in the North Atlantic}},
  journal = {Environmental Science \& Technology},
  year = {2015},
  volume = {49},
  pages = {11612–11621},
  number = {19},
  month = {Oct},
  doi = {10.1021/acs.est.5b00608},
  issn = {1520-5851},
  publisher = {American Chemical Society (ACS)},
  url = {http://dx.doi.org/10.1021/acs.est.5b00608}
}

@ARTICLE{Isern_Fontanet_2003,
  author = {Isern-Fontanet, Jordi and García-Ladona, Emilio and Font, Jordi},
  title = {Identification of Marine Eddies from Altimetric Maps},
  journal = {Journal of Atmospheric and Oceanic Technology},
  year = {2003},
  volume = {20},
  pages = {772–778},
  number = {5},
  month = {May},
  doi = {10.1175/1520-0426(2003)20<772:iomefa>2.0.co;2},
  issn = {1520-0426},
  publisher = {American Meteorological Society},
  url = {http://dx.doi.org/10.1175/1520-0426(2003)20<772:IOMEFA>2.0.CO;2}
}

@ARTICLE{Juza_2016,
  author = {Juza, M. and Mourre, B. and Renault, L. and Gómara, S. and Sebastián,
	K. and Lora, S. and Beltran, J. P. and Frontera, B. and Garau, B.
	and Troupin, C. and et al.},
  title = {{SOCIB operational ocean forecasting system and multi-platform validation
	in the Western Mediterranean Sea}},
  journal = {Journal of Operational Oceanography},
  year = {2016},
  volume = {9},
  pages = {s155–s166},
  number = {sup1},
  month = {Feb},
  doi = {10.1080/1755876x.2015.1117764},
  issn = {1755-8778},
  publisher = {Informa UK Limited},
  url = {http://dx.doi.org/10.1080/1755876X.2015.1117764}
}

@ARTICLE{Klein_2009,
  author = {Klein, Patrice and Lapeyre, Guillaume},
  title = {The Oceanic Vertical Pump Induced by Mesoscale and Submesoscale Turbulence},
  journal = {Annual Review of Marine Science},
  year = {2009},
  volume = {1},
  pages = {351–375},
  number = {1},
  month = {Jan},
  doi = {10.1146/annurev.marine.010908.163704},
  issn = {1941-0611},
  publisher = {Annual Reviews},
  url = {http://dx.doi.org/10.1146/annurev.marine.010908.163704}
}

@ARTICLE{Krug_2017,
  author = {Krug, M. and Swart, S. and Gula, J.},
  title = {{Submesoscale cyclones in the Agulhas current}},
  journal = {Geophysical Research Letters},
  year = {2017},
  volume = {44},
  pages = {346-354},
  number = {1},
  doi = {10.1002/2016gl071006},
  issn = {0094-8276},
  owner = {ctroupin},
  publisher = {Wiley-Blackwell},
  timestamp = {2017.01.23},
  url = {http://onlinelibrary.wiley.com/doi/10.1002/2016GL071006/abstract}
}

@ARTICLE{La_Violette_1984,
  author = {La Violette, Paul E.},
  title = {The Advection of Submesoscale Thermal Features in the {A}lboran {S}ea
	Gyre},
  journal = {Journal of Physical Oceanography},
  year = {1984},
  volume = {14},
  pages = {550–565},
  number = {3},
  month = {Mar},
  doi = {10.1175/1520-0485(1984)014<0550:taostf>2.0.co;2},
  issn = {1520-0485},
  publisher = {American Meteorological Society},
  url = {http://dx.doi.org/10.1175/1520-0485(1984)014<0550:TAOSTF>2.0.CO;2}
}

@ARTICLE{Lapeyre_2006,
  author = {Lapeyre, G. and Klein, P.},
  title = {Dynamics of the Upper Oceanic Layers in Terms of Surface Quasigeostrophy
	Theory},
  journal = {Journal of Physical Oceanography},
  year = {2006},
  volume = {36},
  pages = {165–176},
  number = {2},
  month = {Feb},
  doi = {10.1175/jpo2840.1},
  issn = {1520-0485},
  owner = {ctroupin},
  publisher = {American Meteorological Society},
  timestamp = {2017.01.27},
  url = {http://dx.doi.org/10.1175/JPO2840.1}
}

@ARTICLE{Le_Traon_2013,
  author = {Le Traon, P. Y.},
  title = {{From satellite altimetry to Argo and operational oceanography: three
	revolutions in oceanography}},
  journal = {Ocean Science},
  year = {2013},
  volume = {9},
  pages = {901–915},
  number = {5},
  month = {Oct},
  doi = {10.5194/os-9-901-2013},
  issn = {1812-0792},
  publisher = {Copernicus GmbH},
  url = {http://dx.doi.org/10.5194/os-9-901-2013}
}

@ARTICLE{Liblik_2016,
  author = {Liblik, T. and Karstensen, J. and Testor, P. and Alenius, P. and
	Hayes, D. and Ruiz, S. and Heywood, K.J. and Pouliquen, S. and Mortier,
	L. and Mauri, E.},
  title = {{Potential for an underwater glider component as part of the Global
	Ocean Observing System}},
  journal = {Methods in Oceanography},
  year = {2016},
  volume = {17},
  pages = {50–82},
  month = {Dec},
  doi = {10.1016/j.mio.2016.05.001},
  issn = {2211-1220},
  publisher = {Elsevier BV},
  url = {http://dx.doi.org/10.1016/j.mio.2016.05.001}
}

@ARTICLE{LEVY2001,
  author = {Lévy, M. and Klein, P. and Treguier, A-M},
  title = {Impact of sub-mesoscale physics on production and subduction of phytoplankton
	in an oligotrophic regime},
  journal = {Journal of Marine Research},
  year = {2001},
  volume = {59},
  pages = {535–565},
  number = {4},
  doi = {10.1357/002224001762842181},
  owner = {ctroupin},
  timestamp = {2017.01.27}
}

@ARTICLE{Mac_as_2014,
  author = {Macías, Diego and Stips, Adolf and Garcia-Gorriz, Elisa},
  title = {{The relevance of deep chlorophyll maximum in the open Mediterranean
	Sea evaluated through 3D hydrodynamic-biogeochemical coupled simulations}},
  journal = {Ecological Modelling},
  year = {2014},
  volume = {281},
  pages = {26–37},
  month = {Jun},
  doi = {10.1016/j.ecolmodel.2014.03.002},
  issn = {0304-3800},
  publisher = {Elsevier BV},
  url = {http://dx.doi.org/10.1016/j.ecolmodel.2014.03.002}
}

@ARTICLE{Mahadevan_2016,
  author = {Mahadevan, Amala},
  title = {The Impact of Submesoscale Physics on Primary Productivity of Plankton},
  journal = {Annual Review of Marine Science},
  year = {2016},
  volume = {8},
  pages = {161–184},
  number = {1},
  month = {Jan},
  doi = {10.1146/annurev-marine-010814-015912},
  issn = {1941-0611},
  publisher = {Annual Reviews},
  url = {http://dx.doi.org/10.1146/annurev-marine-010814-015912}
}

@ARTICLE{Mahadevan1996,
  author = {Mahadevan, Amala and Oliger, Joseph and Street, Robert},
  title = {{A Nonhydrostatic Mesoscale Ocean Model. Part I: Well-Posedness and
	Scaling}},
  journal = {Journal of Physical Oceanography},
  year = {1996},
  volume = {26},
  pages = {1868–1880},
  number = {9},
  month = {Sep},
  doi = {10.1175/1520-0485(1996)026<1868:anmomp>2.0.co;2},
  issn = {1520-0485},
  publisher = {American Meteorological Society},
  url = {http://dx.doi.org/10.1175/1520-0485(1996)026<1868:ANMOMP>2.0.CO;2}
}

@ARTICLE{Mahadevan_1996,
  author = {Mahadevan, Amala and Oliger, Joseph and Street, Robert},
  title = {{A Nonhydrostatic Mesoscale Ocean Model. Part II: Numerical Implementation}},
  journal = {Journal of Physical Oceanography},
  year = {1996},
  volume = {26},
  pages = {1881–1900},
  number = {9},
  month = {Sep},
  doi = {10.1175/1520-0485(1996)026<1881:anmomp>2.0.co;2},
  issn = {1520-0485},
  publisher = {American Meteorological Society},
  url = {http://dx.doi.org/10.1175/1520-0485(1996)026<1881:ANMOMP>2.0.CO;2}
}

@ARTICLE{Mahadevan_2006,
  author = {Mahadevan, Amala and Tandon, Amit},
  title = {{An analysis of mechanisms for submesoscale vertical motion at ocean
	fronts}},
  journal = {Ocean Modelling},
  year = {2006},
  volume = {14},
  pages = {241–256},
  number = {3-4},
  month = {Jan},
  doi = {10.1016/j.ocemod.2006.05.006},
  issn = {1463-5003},
  owner = {ctroupin},
  publisher = {Elsevier BV},
  timestamp = {2017.01.27},
  url = {http://dx.doi.org/10.1016/j.ocemod.2006.05.006}
}

@ARTICLE{Mahadevan_2010,
  author = {Mahadevan, A. and Tandon, A. and Ferrari, R.},
  title = {{Rapid changes in mixed layer stratification driven by submesoscale
	instabilities and winds}},
  journal = {Journal of Geophysical Research},
  year = {2010},
  volume = {115},
  number = {C3},
  month = {Mar},
  doi = {10.1029/2008jc005203},
  issn = {0148-0227},
  owner = {ctroupin},
  publisher = {Wiley-Blackwell},
  timestamp = {2017.01.27},
  url = {http://dx.doi.org/10.1029/2008JC005203}
}

@ARTICLE{Mahadevan_2008,
  author = {Mahadevan, A. and Thomas, L. N. and Tandon, A.},
  title = {{Comment on “Eddy/Wind Interactions Stimulate Extraordinary Mid-Ocean
	Plankton Blooms”}},
  journal = {Science},
  year = {2008},
  volume = {320},
  pages = {448b–448b},
  number = {5875},
  month = {Apr},
  doi = {10.1126/science.1152111},
  issn = {1095-9203},
  owner = {ctroupin},
  publisher = {American Association for the Advancement of Science (AAAS)},
  timestamp = {2017.01.27},
  url = {http://dx.doi.org/10.1126/science.1152111}
}

@ARTICLE{Malanotte_Rizzoli_2014,
  author = {Malanotte-Rizzoli, P. and Artale, V. and Borzelli-Eusebi, G. L. and
	Brenner, S. and Crise, A. and Gacic, M. and Kress, N. and Marullo,
	S. and Ribera d’Alcalà, M. and Sofianos, S. and et al.},
  title = {{Physical forcing and physical/biochemical variability of the Mediterranean
	Sea: a review of unresolved issues and directions for future research}},
  journal = {Ocean Science},
  year = {2014},
  volume = {10},
  pages = {281–322},
  number = {3},
  month = {May},
  doi = {10.5194/os-10-281-2014},
  issn = {1812-0792},
  publisher = {Copernicus GmbH}
}

@ARTICLE{Mason_2010,
  author = {Mason, Evan and Molemaker, Jeroen and Shchepetkin, Alexander F. and
	Colas, Francois and McWilliams, James C. and Sangrà, Pablo},
  title = {{Procedures for offline grid nesting in regional ocean models}},
  journal = {Ocean Modelling},
  year = {2010},
  volume = {35},
  pages = {1–15},
  number = {1-2},
  month = {Jan},
  doi = {10.1016/j.ocemod.2010.05.007},
  issn = {1463-5003},
  owner = {ctroupin},
  publisher = {Elsevier BV},
  timestamp = {2017.01.23},
  url = {http://www.sciencedirect.com/science/article/pii/S146350031000082X}
}

@ARTICLE{Mason_2014,
  author = {Mason, Evan and Pascual, Ananda and McWilliams, James C.},
  title = {{A New Sea Surface Height-Based Code for Oceanic Mesoscale Eddy Tracking}},
  journal = {Journal of Atmospheric and Oceanic Technology},
  year = {2014},
  volume = {31},
  pages = {1181–1188},
  number = {5},
  month = {May},
  doi = {10.1175/jtech-d-14-00019.1},
  issn = {1520-0426},
  publisher = {American Meteorological Society},
  url = {http://dx.doi.org/10.1175/JTECH-D-14-00019.1}
}

@ARTICLE{McGillicuddy_2016,
  author = {McGillicuddy, Dennis J.},
  title = {{Mechanisms of Physical-Biological-Biogeochemical Interaction at
	the Oceanic Mesoscale}},
  journal = {Annual Review of Marine Science},
  year = {2016},
  volume = {8},
  pages = {125–159},
  number = {1},
  month = {Jan},
  doi = {10.1146/annurev-marine-010814-015606},
  issn = {1941-0611},
  owner = {ctroupin},
  publisher = {Annual Reviews},
  timestamp = {2017.01.27},
  url = {http://dx.doi.org/10.1146/annurev-marine-010814-015606}
}

@ARTICLE{McGillicuddy_2007,
  author = {McGillicuddy, D. J. and Anderson, L. A. and Bates, N. R. and Bibby,
	T. and Buesseler, K. O. and Carlson, C. A. and Davis, C. S. and Ewart,
	C. and Falkowski, P. G. and Goldthwait, S. A. and et al.},
  title = {{Eddy/Wind Interactions Stimulate Extraordinary Mid-Ocean Plankton
	Blooms}},
  journal = {Science},
  year = {2007},
  volume = {316},
  pages = {1021–1026},
  number = {5827},
  month = {May},
  doi = {10.1126/science.1136256},
  issn = {1095-9203},
  owner = {ctroupin},
  publisher = {American Association for the Advancement of Science (AAAS)},
  timestamp = {2017.01.27},
  url = {http://dx.doi.org/10.1126/science.1136256}
}

@ARTICLE{McGillicuddy_2003,
  author = {McGillicuddy, D. J. and Anderson, L. A. and Doney, S. C. and Maltrud,
	M. E.},
  title = {{Eddy-driven sources and sinks of nutrients in the upper ocean: Results
	from a 0.1° resolution model of the North Atlantic}},
  journal = {Global Biogeochemical Cycles},
  year = {2003},
  volume = {17},
  pages = {n/a–n/a},
  number = {2},
  month = {Apr},
  doi = {10.1029/2002gb001987},
  issn = {0886-6236},
  owner = {ctroupin},
  publisher = {Wiley-Blackwell},
  timestamp = {2017.01.27},
  url = {http://dx.doi.org/10.1029/2002GB001987}
}

@ARTICLE{McWilliams_2016,
  author = {McWilliams, James C.},
  title = {{Submesoscale currents in the ocean}},
  journal = {Proceedings of the Royal Society A: Mathematical, Physical and Engineering
	Science},
  year = {2016},
  volume = {472},
  pages = {20160117},
  number = {2189},
  month = {May},
  doi = {10.1098/rspa.2016.0117},
  issn = {1471-2946},
  publisher = {The Royal Society},
  url = {http://dx.doi.org/10.1098/rspa.2016.0117}
}

@ARTICLE{Morel_1991,
  author = {Morel, André and André, Jean-Michel},
  title = {{Pigment distribution and primary production in the western Mediterranean
	as derived and modeled from coastal zone color scanner observations}},
  journal = {Journal of Geophysical Research},
  year = {1991},
  volume = {96},
  pages = {12685},
  number = {C7},
  doi = {10.1029/91jc00788},
  issn = {0148-0227},
  publisher = {Wiley-Blackwell},
  url = {http://dx.doi.org/10.1029/91JC00788}
}

@ARTICLE{Morrow_2017,
  author = {Morrow, Rosemary and Carret, Alice and Birol, Florence and Nino,
	Fernando and Valladeau, Guillaume and Boy, Francois and Bachelier,
	Celine and Zakardjian, Bruno},
  title = {{Observability of fine-scale ocean dynamics in the northwestern Mediterranean
	Sea}},
  journal = {Ocean Science},
  year = {2017},
  volume = {13},
  pages = {13–29},
  number = {1},
  month = {Jan},
  doi = {10.5194/os-13-13-2017},
  issn = {1812-0792},
  publisher = {Copernicus GmbH},
  url = {http://dx.doi.org/10.5194/os-13-13-2017}
}

@ARTICLE{Oguz_2014,
  author = {Oguz, Temel and Macias, Diego and Garcia-Lafuente, Jesus and Pascual,
	Ananda and Tintore, Joaquin},
  title = {{Fueling Plankton Production by a Meandering Frontal Jet: A Case
	Study for the Alboran Sea (Western Mediterranean)}},
  journal = {PLoS ONE},
  year = {2014},
  volume = {9},
  pages = {e111482},
  number = {11},
  month = {Nov},
  doi = {10.1371/journal.pone.0111482},
  editor = {Álvarez, InésEditor},
  issn = {1932-6203},
  publisher = {Public Library of Science (PLoS)},
  url = {http://dx.doi.org/10.1371/journal.pone.0111482}
}

@ARTICLE{Oguz_2016,
  author = {Oguz, Temel and Mourre, Baptiste and Tintoré, Joaquín},
  title = {{Upstream control of the frontal jet regulating plankton production
	in the Alboran Sea (Western Mediterranean)}},
  journal = {Journal of Geophysical Research: Oceans},
  year = {2016},
  volume = {121},
  pages = {7159–7175},
  number = {9},
  month = {Sep},
  doi = {10.1002/2016jc011667},
  issn = {2169-9275},
  publisher = {Wiley-Blackwell},
  url = {http://dx.doi.org/10.1002/2016JC011667}
}

@ARTICLE{Ohlmann_2017,
  author = {Ohlmann, J. C. and Molemaker, M. J. and Baschek, B. and Holt, B.
	and Marmorino, G. and Smith, G.},
  title = {Drifter observations of submesoscale flow kinematics in the coastal
	ocean},
  journal = {Geophysical Research Letters},
  year = {2017},
  volume = {44},
  pages = {330-337},
  number = {1},
  doi = {10.1002/2016gl071537},
  issn = {0094-8276},
  owner = {ctroupin},
  publisher = {Wiley-Blackwell},
  timestamp = {2017.01.23},
  url = {http://onlinelibrary.wiley.com/doi/10.1002/2016GL071537/abstract}
}

@ARTICLE{Omand_2015,
  author = {Omand, M. M. and Mahadevan, A.},
  title = {The shape of the oceanic nitracline},
  journal = {Biogeosciences},
  year = {2015},
  volume = {12},
  pages = {3273–3287},
  number = {11},
  month = {Jun},
  doi = {10.5194/bg-12-3273-2015},
  issn = {1726-4189},
  owner = {ctroupin},
  publisher = {Copernicus GmbH},
  timestamp = {2017.01.27},
  url = {http://dx.doi.org/10.5194/bg-12-3273-2015}
}

@ARTICLE{Onken_2016,
  author = {Onken, Reiner and Fiekas, Heinz-Volker and Beguery, Laurent and Borrione,
	Ines and Funk, Andreas and Hemming, Michael and Heywood, Karen J.
	and Kaiser, Jan and Knoll, Michaela and Poulain, Pierre-Marie and
	et al.},
  title = {{High-Resolution Observations in the Western Mediterranean Sea: The
	REP14-MED Experiment}},
  journal = {Ocean Science Discussions},
  year = {2016},
  volume = {{}},
  month = {Nov},
  note = {in review},
  doi = {10.5194/os-2016-82},
  issn = {1812-0822},
  publisher = {Copernicus GmbH},
  url = {http://www.ocean-sci-discuss.net/os-2016-82/}
}

@ARTICLE{Oschlies_2002,
  author = {Oschlies, Andreas},
  title = {Can eddies make ocean deserts bloom?},
  journal = {Global Biogeochemical Cycles},
  year = {2002},
  volume = {16},
  pages = {53–1–53–11},
  number = {4},
  month = {Dec},
  doi = {10.1029/2001gb001830},
  issn = {0886-6236},
  owner = {ctroupin},
  publisher = {Wiley-Blackwell},
  timestamp = {2017.01.27},
  url = {http://dx.doi.org/10.1029/2001GB001830}
}

@ARTICLE{Pascual_2013,
  author = {Pascual, Ananda and Bouffard, Jérôme and Ruiz, Simón and Buongiorno
	Nardelli, Bruno and Vidal-Vijande, Enrique and Escudier, Romain and
	Sayol, Juan Manuel and Orfila, Alejandro},
  title = {{Recent improvements in mesoscale characterization of the western
	Mediterranean Sea: synergy between satellite altimetry and other
	observational approaches}},
  journal = {Scientia Marina},
  year = {2013},
  volume = {77},
  pages = {19–36},
  number = {1},
  month = {Feb},
  doi = {10.3989/scimar.03740.15a},
  issn = {0214-8358},
  publisher = {Departmento de Publicaciones del CSIC},
  url = {http://dx.doi.org/10.3989/scimar.03740.15A}
}

@ARTICLE{Pascual_2006,
  author = {Pascual, Ananda and Faugère, Yannice and Larnicol, Gilles and Le
	Traon, Pierre-Yves},
  title = {{Improved description of the ocean mesoscale variability by combining
	four satellite altimeters}},
  journal = {Geophysical Research Letters},
  year = {2006},
  volume = {33},
  pages = {{}},
  number = {2},
  note = {L02611},
  doi = {10.1029/2005GL024633},
  issn = {1944-8007},
  keywords = {Coral reef systems, Remote sensing and electromagnetic processes,
	Eddies and mesoscale processes, Instruments and techniques},
  url = {http://dx.doi.org/10.1029/2005GL024633}
}

@ARTICLE{Pascual_2015,
  author = {Pascual, Ananda and Lana, Arancha and Troupin, Charles and Ruiz,
	Simón and Faugère, Yannice and Escudier, Romain and Tintoré, Joaquín},
  title = {{Assessing SARAL/AltiKa Data in the Coastal Zone: Comparisons with
	HF Radar Observations}},
  journal = {Marine Geodesy},
  year = {2015},
  volume = {38},
  pages = {260–276},
  number = {sup1},
  month = {May},
  doi = {10.1080/01490419.2015.1019656},
  issn = {1521-060X},
  owner = {ctroupin},
  publisher = {Informa UK Limited},
  timestamp = {2017.01.27}
}

@ARTICLE{Pascual_2007,
  author = {Pascual, Ananda and Pujol, Marie-Isabelle and Larnicol, Gilles and
	Le Traon, Pierre-Yves and Rio, Marie-Hélène},
  title = {{Mesoscale mapping capabilities of multisatellite altimeter missions:
	First results with real data in the Mediterranean Sea}},
  journal = {Journal of Marine Systems},
  year = {2007},
  volume = {65},
  pages = {190–211},
  number = {1-4},
  month = {Mar},
  doi = {10.1016/j.jmarsys.2004.12.004},
  issn = {0924-7963},
  publisher = {Elsevier BV},
  url = {http://dx.doi.org/10.1016/j.jmarsys.2004.12.004}
}

@ARTICLE{PASCUAL2010,
  author = {A. Pascual and S. Ruiz and J. Tintoré},
  title = {{Combining new and conventional sensors to study the Balearic current}},
  journal = {Sea Technol.},
  year = {2010},
  volume = {51},
  pages = {32-36},
  number = {7},
  owner = {ctroupin},
  timestamp = {2017.01.14}
}

@ARTICLE{Penven_2006,
  author = {Penven, Pierrick and Debreu, Laurent and Marchesiello, Patrick and
	McWilliams, James C.},
  title = {{Evaluation and application of the ROMS 1-way embedding procedure
	to the central california upwelling system}},
  journal = {Ocean Modelling},
  year = {2006},
  volume = {12},
  pages = {157–187},
  number = {1-2},
  month = {Jan},
  doi = {10.1016/j.ocemod.2005.05.002},
  issn = {1463-5003},
  owner = {ctroupin},
  publisher = {Elsevier BV},
  timestamp = {2017.01.23},
  url = {http://www.sciencedirect.com/science/article/pii/S1463500305000491}
}

@ARTICLE{Pollard_2001,
  author = {Pollard, R. T. and Read, J. F.},
  title = {{Circulation pathways and transports of the Southern Ocean in the
	vicinity of the Southwest Indian Ridge}},
  journal = {Journal of Geophysical Research: Oceans},
  year = {2001},
  volume = {106},
  pages = {2881–2898},
  number = {C2},
  month = {Feb},
  doi = {10.1029/2000jc900090},
  issn = {0148-0227},
  publisher = {Wiley-Blackwell},
  url = {http://dx.doi.org/10.1029/2000JC900090}
}

@ARTICLE{Pujol_2005,
  author = {Pujol, M.-I. and Larnicol, G.},
  title = {{Mediterranean sea eddy kinetic energy variability from 11 years
	of altimetric data}},
  journal = {Journal of Marine Systems},
  year = {2005},
  volume = {58},
  pages = {121–142},
  number = {3-4},
  month = {Dec},
  doi = {10.1016/j.jmarsys.2005.07.005},
  issn = {0924-7963},
  publisher = {Elsevier BV},
  url = {http://dx.doi.org/10.1016/j.jmarsys.2005.07.005}
}

@ARTICLE{Ramachandran_2014,
  author = {Ramachandran, Sanjiv and Tandon, Amit and Mahadevan, Amala},
  title = {{Enhancement in vertical fluxes at a front by mesoscale-submesoscale
	coupling}},
  journal = {Journal of Geophysical Research: Oceans},
  year = {2014},
  volume = {119},
  pages = {8495–8511},
  number = {12},
  month = {Dec},
  doi = {10.1002/2014jc010211},
  issn = {2169-9275},
  owner = {ctroupin},
  publisher = {Wiley-Blackwell},
  timestamp = {2017.01.23},
  url = {http://onlinelibrary.wiley.com/doi/10.1002/2014JC010211/abstract}
}

@ARTICLE{Renault_2012,
  author = {Renault, L. and Oguz, T. and Pascual, A. and Vizoso, G. and Tintore,
	J.},
  title = {{Surface circulation in the Alborán Sea (western Mediterranean) inferred
	from remotely sensed data}},
  journal = {Journal of Geophysical Research: Oceans},
  year = {2012},
  volume = {117},
  pages = {n/a–n/a},
  number = {C8},
  month = {Aug},
  doi = {10.1029/2011jc007659},
  issn = {0148-0227},
  publisher = {Wiley-Blackwell},
  url = {http://dx.doi.org/10.1029/2011JC007659}
}

@ARTICLE{Rio_2014,
  author = {Rio, M.-H. and Pascual, A. and Poulain, P.-M. and Menna, M. and Barceló,
	B. and Tintoré, J.},
  title = {{Computation of a new mean dynamic topography for the Mediterranean
	Sea from model outputs, altimeter measurements and oceanographic
	in situ data}},
  journal = {Ocean Science},
  year = {2014},
  volume = {10},
  pages = {731–744},
  number = {4},
  month = {Aug},
  doi = {10.5194/os-10-731-2014},
  issn = {1812-0792},
  publisher = {Copernicus GmbH},
  url = {http://dx.doi.org/10.5194/os-10-731-2014}
}

@ARTICLE{Rodr_guez_2001,
  author = {Rodríguez, Jaime and Tintoré, Joaquín and Allen, John T. and Blanco,
	José Ma and Gomis, Damià and Reul, Andreas and Ruiz, Javier and Rodríguez,
	Valeriano and Echevarría, Fidel and Jiménez-Gómez, Francisco},
  title = {{Mesoscale vertical motion and the size structure of phytoplankton
	in the ocean}},
  journal = {Nature},
  year = {2001},
  volume = {410},
  pages = {360–363},
  number = {6826},
  month = {Mar},
  doi = {10.1038/35066560},
  issn = {0028-0836},
  publisher = {Springer Nature},
  url = {http://dx.doi.org/10.1038/35066560}
}

@ARTICLE{Ruiz_2013,
  author = {Ruiz, Javier and Macías, Diego and Rincón, Margarita M. and Pascual,
	Ananda and Catalán, Ignacio A. and Navarro, Gabriel},
  title = {{Recruiting at the Edge: Kinetic Energy Inhibits Anchovy Populations
	in the Western Mediterranean}},
  journal = {PLoS ONE},
  year = {2013},
  volume = {8},
  pages = {e55523},
  number = {2},
  month = {Feb},
  doi = {10.1371/journal.pone.0055523},
  editor = {Stergiou, Konstantinos I.Editor},
  issn = {1932-6203},
  publisher = {Public Library of Science (PLoS)},
  url = {http://dx.doi.org/10.1371/journal.pone.0055523}
}

@ARTICLE{RUI2012,
  author = {S. Ruiz and B. Garau and M. Martínez-Ledesma and B. Casas and A.
	Pascual and G. Vizoso and J. Bouffard and E. Heslop and A. Alvarez
	and P. Testor and J. Tintoré},
  title = {{New technologies for marine research: five years of glider activities
	at IMEDEA}},
  journal = {Sci. Mar.},
  year = {2012},
  volume = {76},
  pages = {261-270},
  number = {S1},
  doi = {10.3989/scimar},
  owner = {ctroupin},
  timestamp = {2017.01.14}
}

@TECHREPORT{RUIZ2015,
  author = {S. Ruiz and A. Pascual and B. Casas and P. Poulain and A. Olita and
	C. Troupin and M. Torner and J.T. Allen and A. Tovar and B. Mourre
	and A. Massanet and M. Palmer and F. Margirier and P. Balaguer and
	C. Castilla and M. Claret and A. Mahadevan and J. Tintoré},
  title = {{Report on operation and data analysis from multiplatform synoptic
	intensive experiment (AlborEx)}},
  institution = {D3.8 Policy-oriented marine Environmental Research in the Southern
	European Seas},
  year = {2015},
  note = {{120 pp}},
  owner = {ctroupin},
  timestamp = {2017.01.14}
}

@ARTICLE{Ruiz_2009,
  author = {Ruiz, Simón and Pascual, Ananda and Garau, Bartolomé and Pujol, Isabelle
	and Tintoré, Joaquín},
  title = {{Vertical motion in the upper ocean from glider and altimetry data}},
  journal = {Geophysical Research Letters},
  year = {2009},
  volume = {36},
  pages = {n/a--n/a},
  number = {14},
  note = {L14607},
  doi = {10.1029/2009GL038569},
  issn = {1944-8007},
  url = {http://dx.doi.org/10.1029/2009GL038569}
}

@ARTICLE{Shcherbina_2015,
  author = {Shcherbina, Andrey Y. and Sundermeyer, Miles A. and Kunze, Eric and
	D’Asaro, Eric and Badin, Gualtiero and Birch, Daniel and Brunner-Suzuki,
	Anne-Marie E. G. and Callies, Jörn and Kuebel Cervantes, Brandy T.
	and Claret, Mariona and et al.},
  title = {{The LatMix Summer Campaign: Submesoscale Stirring in the Upper Ocean}},
  journal = {Bulletin of the American Meteorological Society},
  year = {2015},
  volume = {96},
  pages = {1257–1279},
  number = {8},
  month = {Aug},
  doi = {10.1175/bams-d-14-00015.1},
  issn = {1520-0477},
  publisher = {American Meteorological Society},
  url = {http://dx.doi.org/10.1175/BAMS-D-14-00015.1}
}

@ARTICLE{Tintor__1991,
  author = {Tintoré, Joaquín and Gomis, Damià and Alonso, Sergio and Parrilla,
	Gregorio},
  title = {{Mesoscale Dynamics and Vertical Motion in the Alborán Sea}},
  journal = {Journal of Physical Oceanography},
  year = {1991},
  volume = {21},
  pages = {811–823},
  number = {6},
  month = {Jun},
  doi = {10.1175/1520-0485(1991)021<0811:mdavmi>2.0.co;2},
  issn = {1520-0485},
  publisher = {American Meteorological Society},
  url = {http://dx.doi.org/10.1175/1520-0485(1991)021<0811:MDAVMI>2.0.CO;2}
}

@ARTICLE{Tintor__2013,
  author = {Tintoré, Joaquín and Vizoso, Guillermo and Casas, Benjamín and Heslop,
	Emma and Pascual, Ananda and Orfila, Alejandro and Ruiz, Simón and
	Martínez-Ledesma, Miguel and Torner, Marc and Cusí, Simó and et al.},
  title = {{SOCIB}: {T}he {B}alearic {I}slands Coastal Ocean Observing and Forecasting
	System Responding to Science, Technology and Society Needs},
  journal = {Marine Technology Society Journal},
  year = {2013},
  volume = {47},
  pages = {101–117},
  number = {1},
  month = {Jan},
  doi = {10.4031/mtsj.47.1.10},
  issn = {0025-3324},
  publisher = {Marine Technology Society},
  url = {http://dx.doi.org/10.4031/MTSJ.47.1.10}
}

@ARTICLE{Troupin_2015,
  author = {Troupin, Charles and Pascual, Ananda and Valladeau, Guillaume and
	Pujol, Isabelle and Lana, Arancha and Heslop, Emma and Ruiz, Simón
	and Torner, Marc and Picot, Nicolas and Tintoré, Joaquín},
  title = {{Illustration of the emerging capabilities of SARAL/AltiKa in the
	coastal zone using a multi-platform approach}},
  journal = {Advances in Space Research},
  year = {2015},
  volume = {55},
  pages = {51–59},
  number = {1},
  month = {Jan},
  doi = {10.1016/j.asr.2014.09.011},
  issn = {0273-1177},
  publisher = {Elsevier BV},
  url = {http://dx.doi.org/10.1016/j.asr.2014.09.011}
}

@ARTICLE{Zielinski_2002,
  author = {Zielinski, Oliver and Llinás, Octavio and Oschlies, Andreas and Reuter,
	Rainer},
  title = {{Underwater light field and its effect on a one-dimensional ecosystem
	model at station ESTOC, north of the Canary Islands}},
  journal = {Deep Sea Research Part II: Topical Studies in Oceanography},
  year = {2002},
  volume = {49},
  pages = {3529–3542},
  number = {17},
  month = {Jan},
  doi = {10.1016/s0967-0645(02)00096-6},
  issn = {0967-0645},
  publisher = {Elsevier BV},
  url = {http://dx.doi.org/10.1016/S0967-0645(02)00096-6}
}

@comment{jabref-meta: selector_publisher:}

@comment{jabref-meta: selector_author:}

@comment{jabref-meta: selector_journal:}

@comment{jabref-meta: selector_keywords:}

